@book {
    xfst,
    title = "Finite State Morphology",
    author = "Kenneth R. Beesley and Lauri Karttunen",
    publisher = "CSLI Publications",
    year = 2003,
}

@book {
    bondi,
    title = "Automatisk morfologisk analyse og syntese. Toniv\aa{}modellen benyttet p\aa{} norsk substantivb\o{}yning",
    author = "Janne Bondi Johannessen",
    publisher = "Novus forlag",
    year = 1990,
}

@mastersthesis {
    bondihoved,
    title = "Automatisk morfologisk analyse og syntese. Toniv\aa{}modellen benyttet p\aa{} norsk substantivb\o{}yning",
    author = "Janne Bondi Johannessen",
    school = "Universitetet i Oslo",
    year = 1988,
}

@book {
    jnm,
    title = "Speech and language processing",
    edition = "andre",
    author = "Daniel Jurafsky and James H. Martin",
    publisher = "Pearson Education",
    year = 2009,
}

@mastersthesis {
    french,
    title = "Analyse morphologique automatique du Fran\c{c}ais. Description deux-niveaux de la flexion verbale du Fran\c{c}ais parl\'e",
    author = "Torbj\o{}rn Gr\o{}nner",
    school = "Universitetet i Oslo",
    year = 1992,
}

@book {
    ernout,
    title = "Morphologie historique du latin",
    edition = "tredje",
    author = "Alfred Ernout",
    publisher = "Klincksieck",
    year = 1953,
}

@book {
    eitrem,
    title = "Latinsk grammatikk",
    edition = "tredje",
    author = "Samson Eitrem",
    publisher = "Aschehoug",
    year = 1996,
}

@misc {
    twolc,
    title = "Two-Level rule compiler",
    author = "Kenneth R. Beesley and Lauri Karttunen",
    year = 2003,
    howpublished = "PDF, http://www.stanford.edu/\~{}laurik/.book2software/twolc.pdf",
}

@book {
    historical,
    title = "Historical linguistics and language change",
    author = "Roger Lass",
    publisher = "Cambridge university press",
    year = 1997,
}
